@book{Hatcher,
	author={Hatcher, Allen},
	title={Algebraic Topology},
	year={2002}
	}

@misc{KS96,
	title={The Spinor Representation of a surface in space},
	author={Kussner, R. and Schmitt, N.},
	year={1996}
	}

@misc{SH,
	title={Introduction to the h-Principle},
	author={Y. Eliashberg and N. Mishachev},
	year={1996}
	}

@book{BHMMM15,
	title={A Spinorial Approach to Riemannian and Conformal Geometry},
	author={Bourguignon, J.P. and Hijazi, O. and Milhorat, J.L. and Moroianu, A. and Moroianu, S.},
	isbn={9783037191361},
	lccn={2015458975},
	series={EMS monographs in mathematics},
	url={https://books.google.de/books?id=QkRnrgEACAAJ},
	year={2015},
	publisher={European mathemaical society}
}

@book{baum09,
	title={Eichfeldtheorie},
	author={Baum, H.},
	isbn={9783540382935},
	series={Springer-Lehrbuch Masterclass},
	url={https://books.google.com/books?id=e994AlObLiAC},
	year={2009},
	publisher={Springer Berlin Heidelberg}
}

@book{munkres1984elements,
  title={Elements of Algebraic Topology},
  author={Munkres, J.R.},
  lccn={84006250},
  series={Advanced book classics},
  year={1984},
  publisher={Perseus Books}
}
@book{laures2009grundkurs,
  title={Grundkurs Topologie},
  author={Laures, G. and Szymik, M.},
  year={2009},
  publisher={Spektrum Akademischer Verlag}
}
@misc{LectureNotesAlgebraicTopology,
  title={Lecture Notes on MA5209 Algebraic Topology-2008/2009 Semester 1},
  author={Jie Wu},
  url={https://www.math.nus.edu.sg/~matwujie},
  type={Skript},
}
@misc{GrundlagenTopologie,
  title={Grundlagen der Topologie},
  type={Skript},
  author={Michael Eisermann},
  url={https://www.igt.uni-stuttgart.de/eiserm}
}
@misc{zieglerTopologie,
  title={Topologie},
  url={http://www.math.tu-berlin.de/Vorlesungen/WS05/Topologie/},
  author={Prof. Günter M. Ziegler},
  organization={Institut für Mathematik, MA 6-2 TU Berlin, 10623 Berlin}
}
@book{usingT,
  title={Using the Borsuk-Ulam Theorem: Lectures on Topological Methods in Combinatorics and Geometry},
  author={Bj{\"o}rner, A. and Ziegler, G.M. and Matousek, J.},
  lccn={2003045627},
  series={Universitext},
  year={2008},
  publisher={Springer Berlin Heidelberg}
}


